% Encoding: UTF-8

% !!! Зверніть увагу, як заповнюється  джерела, в яких авторів більше ніж один !!! 
% !!! Кома після прізвища, а після ініціалів ключове слово "and" !!!
@book{linux_kernel,
    author = {Robert Love},
    title = {Linux Kernel Development},
    year = {2010},
    publisher = {Addison-Wesley Professional},
    edition = {3rd}
}

@book{understanding_linux_kernel,
    author = {Daniel Bovet and Marco Cesati},
    title = {Understanding The Linux Kernel},
    year = {2005},
    publisher = {Oreilly \& Associates Inc}
}

@book{learning_UNIX,
    title = {Learning the Unix operating system: a concise guide for the new user},
    year = {2001},
    author = {Jerry Peek and Grace Todino and and John Strang.},
    publisher = {O'Reilly \& Associates{,} Inc.},
    address = {USA},
    edition = {5th}
}

@book{DL_book,
    author = {Ian Goodfellow and Yoshua Bengio and Aaron Courville},
    title = {Deep Learning},
    year = {2016},
    publisher = {The MIT Press}
}

@book{probabilistic_model_book,
    author = {Daphne Koller and Nir Friedman},
    title = {Probabilistic Graphical Models: Principles and Techniques - Adaptive Computation and Machine Learning},
    year = {2009},
    publisher = {The MIT Press}
}

@book{pattern_and_ML,
    author = {Christopher M. Bishop},
    title = {Pattern Recognition and Machine Learning (Information Science and Statistics)},
    year = {2006},
    publisher = {Springer-Verlag},
    address = {Berlin{,} Heidelberg}
}

@book{ML_probabilistic,
    author = {Kevin P. Murphy},
    title = {Machine Learning: A Probabilistic Perspective},
    year = {2012},
    publisher = {The MIT Press},
}

@book{100page_ML,
    title={The Hundred-Page Machine Learning Book},
    author={Andriy Burkov},
    year={2019},
    publisher={Andriy Burkov}
}

@book{practical_image_ML,
    author = {Himanshu Singh},
    year = {2019},
    month = {01},
    title = {Practical Machine Learning and Image Processing: For Facial Recognition{,} Object Detection{,} and Pattern Recognition Using Python},
    publisher = {Apress}
}

@book{intro_ML,
    author = {Alex Smola and S.V.N. Vishwanathan},
    title = {Introduction to Machine Learning},
    publisher = {Cambridge University Press},
    year = {2008}
}

@book{hands_on_CV,
    author = {Benjamin Planche and Eliot Andres},
    year = {2019},
    month = {05},
    title = {Hands-On Computer Vision with TensorFlow 2: Leverage deep learning to create powerful image processing apps with TensorFlow 2.0 and Keras},
    isbn = {9781788839266},
    publisher = {Packt Publishing Ltd}
}

@book{DL_pytorch,
    title = {Deep Learning with PyTorch},
    year = {2020},
    author = {Eli Stevens and Luca Antiga and Thomas Viehmann},
    isbn={9781638354079},
    publisher={Manning}
}

@book{DL_vision_systems,
    title={Deep Learning for Vision Systems},
    author={Mohamed Elgendy},
    isbn={9781617296192},
    year={2020},
    publisher={Manning Publications}
}

@book{DL_for_NLP,
    author = {Palash Goyal and Sumit Pandey and Karan Jain},
    year = {2018},
    month = {01},
    title = {Deep Learning for Natural Language Processing},
    isbn = {978-1-4842-3684-0},
    doi = {10.1007/978-1-4842-3685-7},
    publisher = {Apress Berkeley, CA}
}

@book{szeliski2022computer,
    title={Computer Vision: Algorithms and Applications},
    author={Richard Szeliski},
    isbn={9783030343712},
    year={2022},
    publisher={Springer International Publishing},
    isbn = {9783030343712},
    edition={2nd}
}

@book{creating_NN_ru,
    author = {Тарик Рашид},
    title = {Создаем нейронную сеть},
    publisher = {Диалектика},
    year = {2017},
    isbn = {978-5-9909445-7-2}
}

@book{TF_in_action,
    title={TensorFlow in Action},
    author={Thushan Ganegedara},
    isbn={9781617298349},
    year={2022},
    publisher={Manning}
}

@book{NN_and_DL,
    author = {Michael A. Nielsen},
    url = {http://neuralnetworksanddeeplearning.com/},
    year = {2018},
    title = {Neural Networks and Deep Learning},
    publisher = {Determination Press}
}

@book{conversational_AI,
    author = {Michael Mctear},
    title = {Conversational AI},
    publisher = {Morgan & Claypool Publishers},
    year = {2020},
    isbn = {9781636390321},
    doi = {10.2200/S01060ED1V01Y202010HLT048}
}

@unpublished{speech_book,
    author = {Daniel Jurafsky and James H. Martin},
    title = {Speech and Language Processing: An Introduction to Natural Language Processing, Computational Linguistics, and Speech Recognition with Language Models},
    year = {2024},
    url = {https://web.stanford.edu/~jurafsky/slp3/},
    note = {Online manuscript released August 20, 2024},
    edition = {3rd}
}

@book{math_for_ML,
    title={Mathematics for Machine Learning},
    author={M.P. Deisenroth and A.A. Faisal and C.S. Ong},
    isbn={9781108470049},
    year={2020},
    publisher={Cambridge University Press}
}

@book{DS_python_mongodb,
    author = {David Paper},
    year = {2018},
    month = {01},
    title = {Data Science Fundamentals for Python and MongoDB},
    isbn = {978-1-4842-3596-6},
    doi = {10.1007/978-1-4842-3597-3},
    publisher = {Apress Berkeley, CA}
}

@book{hands_on_ML,
    author = {Aurelien Geron},
    title = {Hands-On Machine Learning with Scikit-Learn, Keras, and TensorFlow: Concepts, Tools, and Techniques to Build Intelligent Systems},
    year = {2019},
    isbn = {1492032646},
    publisher = {O'Reilly Media, Inc.},
    edition = {2nd},
}

@book{applied_linear_regression,
    title = {Applied Linear Regression},
    edition = {Fourth},
    author = {Sanford Weisberg},
    year = {2014},
    publisher = {Wiley},
    address = {Hoboken {NJ}},
    url = {http://z.umn.edu/alr4ed}
}

@book{practical_statistics_DS,
    title={Practical Statistics for Data Scientists: 50+ Essential Concepts Using R and Python},
    author={P. Bruce and A. Bruce and P. Gedeck},
    isbn={9781492072898},
    year={2020},
    publisher={O'Reilly Media}
}

@book{python_data_analysis,
    author = {McKinney Wes},
    title = {Python for data analysis},
    year = {2012},
    publisher = {O'Reilly Media, Inc.},
    edition = {1}
}

@book{intro_data_mining,
    author = {Pang-Ning Tan and Michael Steinbach and Vipin Kumar},
    title = {Introduction to Data Mining, (First Edition)},
    year = {2005},
    isbn = {0321321367},
    publisher = {Addison-Wesley Longman Publishing Co., Inc.},
    address = {USA}
}

@book{RL_state_of_art,
    author = {Marco Wiering and Martijn Otterlo},
    year = {2012},
    month = {01},
    title = {Reinforcement Learning: State-Of-The-Art},
    isbn = {978-3-642-27644-6},
    doi = {10.1007/978-3-642-27645-3},
    publisher = {Springer}
}

@book{RL_book,
    author = {Richard S. Sutton and Andrew G. Barto},
    title = {Reinforcement Learning: An Introduction},
    year = {2018},
    isbn = {0262039249},
    publisher = {A Bradford Book},
    address = {Cambridge, MA, USA},
    edition = {2nd}
}

@inproceedings{RL_theory_algorithms,
    title = {Reinforcement Learning: Theory and Algorithms. Working draft},
    booktitle = {Reinforcement Learning: Theory and Algorithms},
    author = {Alekh Agarwal and Nan Jiang and Sham M. Kakade and Wen Sun},
    year = {2021},
    url = {https://rltheorybook.github.io/}
}
